@article{lecun2015,
  title={Deep learning},
  author={LeCun, Yann and Bengio, Yoshua and Hinton, Geoffrey},
  journal={nature},
  volume={521},
  number={7553},
  pages={436},
  year={2015},
  publisher={Nature Publishing Group}
}

@article{schmidhuber2015,
  title={Deep learning in neural networks: An overview},
  author={Schmidhuber, J{\"u}rgen},
  journal={Neural networks},
  volume={61},
  pages={85--117},
  year={2015},
  publisher={Elsevier}
}

@article{lee2015,
  author    = {Dong{-}Hyun Lee and
               Saizheng Zhang and
               Antoine Biard and
               Yoshua Bengio},
  title     = {Target Propagation},
  journal   = {CoRR},
  volume    = {abs/1412.7525},
  year      = {2014},
  url       = {http://arxiv.org/abs/1412.7525},
  archivePrefix = {arXiv},
  eprint    = {1412.7525},
  timestamp = {Mon, 13 Aug 2018 16:46:59 +0200},
  biburl    = {https://dblp.org/rec/bib/journals/corr/LeeZBB14},
  bibsource = {dblp computer science bibliography, https://dblp.org}
}

@inproceedings{sacramento2018,
  title={Dendritic cortical microcircuits approximate the backpropagation algorithm},
  author={Sacramento, Jo{\~a}o and Costa, Rui Ponte and Bengio, Yoshua and Senn, Walter},
  booktitle={Advances in Neural Information Processing Systems},
  pages={8735--8746},
  year={2018}
}

@article{guerguiev2017,
  title={Towards deep learning with segregated dendrites},
  author={Guerguiev, Jordan and Lillicrap, Timothy P and Richards, Blake A},
  journal={ELife},
  volume={6},
  pages={e22901},
  year={2017},
  publisher={eLife Sciences Publications Limited}
}

@inproceedings{bartunov2018,
  title={Assessing the scalability of biologically-motivated deep learning algorithms and architectures},
  author={Bartunov, Sergey and Santoro, Adam and Richards, Blake and Marris, Luke and Hinton, Geoffrey E and Lillicrap, Timothy},
  booktitle={Advances in Neural Information Processing Systems},
  pages={9389--9399},
  year={2018}
}

@article{rumelhart1986,
  title={Learning representations by back-propagating errors},
  author={Rumelhart, David E and Hinton, Geoffrey E and Williams, Ronald J},
  journal={Nature},
  volume={323},
  number={6088},
  pages={533},
  year={1986},
  publisher={Nature Publishing Group}
}

@article{lillicrap2016,
  title={Random synaptic feedback weights support error backpropagation for deep learning},
  author={Lillicrap, Timothy P and Cownden, Daniel and Tweed, Douglas B and Akerman, Colin J},
  journal={Nature communications},
  volume={7},
  pages={13276},
  year={2016},
  publisher={Nature Publishing Group}
}

@article{kording2001,
  title={Supervised and unsupervised learning with two sites of synaptic integration},
  author={K{\"o}rding, Konrad P and K{\"o}nig, Peter},
  journal={Journal of computational neuroscience},
  volume={11},
  number={3},
  pages={207--215},
  year={2001},
  publisher={Springer}
}

@article{larkum_1999,
  title={A new cellular mechanism for coupling inputs arriving at different cortical layers},
  author={Larkum, Matthew E and Zhu, J Julius and Sakmann, Bert},
  journal={Nature},
  volume={398},
  number={6725},
  pages={338},
  year={1999},
  publisher={Nature Publishing Group}
}

@article{yamins_2016,
  title={Using goal-driven deep learning models to understand sensory cortex},
  author={Yamins, Daniel LK and DiCarlo, James J},
  journal={Nature neuroscience},
  volume={19},
  number={3},
  pages={356},
  year={2016},
  publisher={Nature Publishing Group}
}

@article{khaligh_2014,
  title={Deep supervised, but not unsupervised, models may explain IT cortical representation},
  author={Khaligh-Razavi, Seyed-Mahdi and Kriegeskorte, Nikolaus},
  journal={PLoS computational biology},
  volume={10},
  number={11},
  pages={e1003915},
  year={2014},
  publisher={Public Library of Science}
}

@article{lecun_1998,
  title={The MNIST database of handwritten digits},
  author={LeCun, Yann},
  journal={http://yann. lecun. com/exdb/mnist/},
  year={1998}
}

@article{xiao_2017,
  title={Fashion-mnist: a novel image dataset for benchmarking machine learning algorithms},
  author={Xiao, Han and Rasul, Kashif and Vollgraf, Roland},
  journal={arXiv preprint arXiv:1708.07747},
  year={2017}
}

@article{torralba_2008,
  title={80 million tiny images: A large data set for nonparametric object and scene recognition},
  author={Torralba, Antonio and Fergus, Rob and Freeman, William T},
  journal={IEEE transactions on pattern analysis and machine intelligence},
  volume={30},
  number={11},
  pages={1958--1970},
  year={2008},
  publisher={IEEE}
}

@inproceedings{snoek_2012,
  title={Practical bayesian optimization of machine learning algorithms},
  author={Snoek, Jasper and Larochelle, Hugo and Adams, Ryan P},
  booktitle={Advances in neural information processing systems},
  pages={2951--2959},
  year={2012}
}

@incollection{rasmussen_2004,
  title={Gaussian processes in machine learning},
  author={Rasmussen, Carl Edward},
  booktitle={Advanced lectures on machine learning},
  pages={63--71},
  year={2004},
  publisher={Springer}
}

@incollection{lecun_1986,
  title={Learning process in an asymmetric threshold network},
  author={Le Cun, Yann},
  booktitle={Disordered systems and biological organization},
  pages={233--240},
  year={1986},
  publisher={Springer}
}

@article{naud_2018,
  title={Sparse bursts optimize information transmission in a multiplexed neural code},
  author={Naud, Richard and Sprekeler, Henning},
  journal={Proceedings of the National Academy of Sciences},
  pages={201720995},
  year={2018},
  publisher={National Acad Sciences}
}